@inproceedings{Akar2019,
    archivePrefix = {arXiv},
    arxivId = {1901.07454},
    author = {Akar, Nora Abi and Cumming, Ben and Karakasis, Vasileios and Kusters, Anne and Klijn, Wouter and Peyser, Alexander and Yates, Stuart},
    booktitle = {2019 27th Euromicro International Conference on Parallel, Distributed and Network-Based Processing (PDP)},
    doi = {10.1109/EMPDP.2019.8671560},
    eprint = {1901.07454},
    isbn = {978-1-7281-1644-0},
    month = {feb},
    pages = {274--282},
    publisher = {IEEE},
    title = {{Arbor â€” A Morphologically-Detailed Neural Network Simulation Library for Contemporary High-Performance Computing Architectures}},
    url = {http://arxiv.org/abs/1901.07454 https://ieeexplore.ieee.org/document/8671560/},
    year = {2019}
}

@article{Bellec2018a,
    archivePrefix = {arXiv},
    arxivId = {1711.05136},
    author = {Bellec, Guillaume and Kappel, David and Maass, Wolfgang and Legenstein, Robert},
    eprint = {1711.05136},
    journal = {6th International Conference on Learning Representations, ICLR 2018 - Conference Track Proceedings},
    pages = {1--24},
    title = {{Deep rewiring: Training very sparse deep networks}},
    year = {2018}
}

@inproceedings{Bellec2018,
    archivePrefix = {arXiv},
    arxivId = {1803.09574},
    author = {Bellec, Guillaume and Salaj, Darjan and Subramoney, Anand and Legenstein, Robert and Maass, Wolfgang},
    booktitle = {Advances in Neural Information Processing Systems},
    eprint = {1803.09574},
    issn = {10495258},
    number = {Nips},
    pages = {787--797},
    title = {{Long short-term memory and learning-to-learn in networks of spiking neurons}},
    volume = {2018-Decem},
    year = {2018}
}

@article{Bellec2020,
    author = {Bellec, Guillaume and Scherr, Franz and Subramoney, Anand and Hajek, Elias and Salaj, Darjan and Legenstein, Robert and Maass, Wolfgang},
    doi = {10.1038/s41467-020-17236-y},
    issn = {2041-1723},
    journal = {Nature Communications},
    month = {dec},
    number = {1},
    pages = {3625},
    title = {{A solution to the learning dilemma for recurrent networks of spiking neurons}},
    url = {http://www.nature.com/articles/s41467-020-17236-y},
    volume = {11},
    year = {2020}
}
@article{Bohte2011,
    author = {Bohte, Sander M.},
    doi = {10.1007/978-3-642-21735-7_8},
    isbn = {9783642217340},
    issn = {03029743},
    journal = {Lecture Notes in Computer Science (including subseries Lecture Notes in Artificial Intelligence and Lecture Notes in Bioinformatics)},
    number = {PART 1},
    pages = {60--68},
    title = {{Error-backpropagation in networks of fractionally predictive spiking neurons}},
    volume = {6791 LNCS},
    year = {2011}
}

@book{carnevale2006neuron,
    author = {Carnevale, Nicholas T and Hines, Michael L},
    publisher = {Cambridge University Press},
    title = {{The NEURON book}},
    year = {2006}
}

@article{Cramer2020,
    archivePrefix = {arXiv},
    arxivId = {1910.07407},
    author = {Cramer, Benjamin and Stradmann, Yannik and Schemmel, Johannes and Zenke, Friedemann},
    doi = {10.1109/TNNLS.2020.3044364},
    eprint = {1910.07407},
    issn = {21622388},
    journal = {IEEE Transactions on Neural Networks and Learning Systems},
    title = {{The Heidelberg Spiking Data Sets for the Systematic Evaluation of Spiking Neural Networks}},
    year = {2020}
}

@article{Davies2018,
    author = {Davies, Mike and Srinivasa, Narayan and Lin, Tsung-han and Chinya, Gautham and Cao, Yongqiang and Choday, Sri Harsha and Dimou, Georgios and Joshi, Prasad and Imam, Nabil and Jain, Shweta and Liao, Yuyun and Lin, Chit-kwan and Lines, Andrew and Liu, Ruokun and Mathaikutty, Deepak and Mccoy, Steve and Paul, Arnab and Tse, Jonathan and Venkataramanan, Guruguhanathan and Weng, Yi-hsin and Wild, Andreas and Yang, Yoonseok and Wang, Hong},
    doi = {10.1109/MM.2018.112130359},
    journal = {IEEE Micro},
    number = {1},
    pages = {82--99},
    title = {{Loihi : a Neuromorphic Manycore Processor with On-Chip Learning}},
    volume = {30},
    year = {2018}
}

@article{eshraghian2021training,
    title={Training spiking neural networks using lessons from deep learning},
    author={Eshraghian, Jason K and Ward, Max and Neftci, Emre and Wang, Xinxin
    and Lenz, Gregor and Dwivedi, Girish and Bennamoun, Mohammed and Jeong, Doo Seok
    and Lu, Wei D},
    journal={arXiv preprint arXiv:1906.09395},
    year={2021}
}

@article{Furber2014,
    author = {Furber, Stephen B and Galluppi, Francesco and Temple, S and Plana, Luis A},
    doi = {10.1109/JPROC.2014.2304638},
    issn = {0018-9219},
    journal = {Proceedings of the IEEE},
    mendeley-groups = {Manchester PhD},
    month = {may},
    number = {5},
    pages = {652--665},
    title = {{The SpiNNaker Project}},
    volume = {102},
    year = {2014}
}


@article{Gewaltig2007,
    author = {Gewaltig, Marc-Oliver and Diesmann, Markus},
    journal = {Scholarpedia},
    number = {4},
    pages = {1430},
    title = {{NEST (NEural Simulation Tool)}},
    volume = {2},
    year = {2007}
}

@article{Golosio2021,
    author = {Golosio, Bruno and Tiddia, Gianmarco and {De Luca}, Chiara and Pastorelli, Elena and Simula, Francesco and Paolucci, Pier Stanislao},
    doi = {10.3389/fncom.2021.627620},
    issn = {1662-5188},
    journal = {Frontiers in Computational Neuroscience},
    month = {feb},
    number = {February},
    pages = {1--17},
    title = {{Fast Simulations of Highly-Connected Spiking Cortical Models Using GPUs}},
    url = {https://www.frontiersin.org/articles/10.3389/fncom.2021.627620/full},
    volume = {15},
    year = {2021}
}

@article{Goltz2021,
    archivePrefix = {arXiv},
    arxivId = {1912.11443},
    author = {G{\"{o}}ltz, J. and Kriener, L. and Baumbach, A. and Billaudelle, S. and Breitwieser, O. and Cramer, B. and Dold, D. and Kungl, A. F. and Senn, W. and Schemmel, J. and Meier, K. and Petrovici, M. A.},
    doi = {10.1038/s42256-021-00388-x},
    eprint = {1912.11443},
    issn = {25225839},
    journal = {Nature Machine Intelligence},
    number = {9},
    pages = {823--835},
    title = {{Fast and energy-efficient neuromorphic deep learning with first-spike times}},
    volume = {3},
    year = {2021}
}


@article{Hazan2018,
    archivePrefix = {arXiv},
    arxivId = {1806.01423},
    author = {Hazan, Hananel and Saunders, Daniel J. and Khan, Hassaan and Patel, Devdhar and Sanghavi, Darpan T. and Siegelmann, Hava T. and Kozma, Robert},
    doi = {10.3389/fninf.2018.00089},
    eprint = {1806.01423},
    issn = {1662-5196},
    journal = {Frontiers in Neuroinformatics},
    mendeley-groups = {GPU SNN simulators},
    month = {dec},
    number = {December},
    pages = {1--18},
    title = {{BindsNET: A Machine Learning-Oriented Spiking Neural Networks Library in Python}},
    url = {http://arxiv.org/abs/1806.01423 https://www.frontiersin.org/article/10.3389/fninf.2018.00089/full},
    volume = {12},
    year = {2018}
}

@article{Knight2018,
    author = {Knight, James C. and Nowotny, Thomas},
    doi = {10.3389/fnins.2018.00941},
    issn = {1662-453X},
    journal = {Frontiers in Neuroscience},
    number = {December},
    pages = {1--19},
    title = {{GPUs Outperform Current HPC and Neuromorphic Solutions in Terms of Speed and Energy When Simulating a Highly-Connected Cortical Model}},
    url = {https://www.frontiersin.org/article/10.3389/fnins.2018.00941/full},
    volume = {12},
    year = {2018}
}

@article{Knight2021,
    author = {Knight, James C and Komissarov, Anton and Nowotny, Thomas},
    doi = {10.3389/fninf.2021.659005},
    issn = {1662-5196},
    journal = {Frontiers in Neuroinformatics},
    month = {apr},
    number = {April},
    title = {{PyGeNN: A Python Library for GPU-Enhanced Neural Networks}},
    url = {https://www.frontiersin.org/articles/10.3389/fninf.2021.659005/full},
    volume = {15},
    year = {2021}
}

@article{Kaiser2020,
    archivePrefix = {arXiv},
    arxivId = {1811.10766},
    author = {Kaiser, Jacques and Mostafa, Hesham and Neftci, Emre},
    doi = {10.3389/fnins.2020.00424},
    eprint = {1811.10766},
    issn = {1662-453X},
    journal = {Frontiers in Neuroscience},
    month = {may},
    number = {May},
    pages = {1--11},
    title = {{Synaptic Plasticity Dynamics for Deep Continuous Local Learning (DECOLLE)}},
    url = {http://arxiv.org/abs/1811.10766 https://www.frontiersin.org/article/10.3389/fnins.2020.00424/full},
    volume = {14},
    year = {2020}
}
@article{Merolla2014,
    author = {Merolla, Paul A and Arthur, John V and Alvarez-Icaza, Rodrigo and Cassidy, Andrew S and Sawada, Jun and Akopyan, Filipp and Jackson, Bryan L and Imam, Nabil and Guo, Chen and Nakamura, Yutaka and Brezzo, Bernard and Vo, Ivan and Esser, Steven K and Appuswamy, Rathinakumar and Taba, Brian and Amir, Arnon and Flickner, Myron D and Risk, William P and Manohar, Rajit and Modha, Dharmendra S},
    doi = {10.1126/science.1254642},
    journal = {Science},
    number = {6197},
    pages = {668--673},
    title = {{A million spiking-neuron integrated circuit with a scalable communication network and interface}},
    url = {http://www.sciencemag.org/content/345/6197/668.abstract},
    volume = {345},
    year = {2014}
}



@article{Neftci2019,
    author = {Neftci, Emre O. and Mostafa, Hesham and Zenke, Friedemann},
    doi = {10.1109/MSP.2019.2931595},
    issn = {15580792},
    journal = {IEEE Signal Processing Magazine},
    number = {6},
    pages = {51--63},
    title = {{Surrogate Gradient Learning in Spiking Neural Networks: Bringing the Power of Gradient-based optimization to spiking neural networks}},
    volume = {36},
    year = {2019}
}

@software{norse2021,
  author       = {Pehle, Christian and
                  Pedersen, Jens Egholm},
  title        = {{Norse -  A deep learning library for spiking 
                   neural networks}},
  month        = jan,
  year         = 2021,
  note         = {Documentation: https://norse.ai/docs/},
  publisher    = {Zenodo},
  version      = {0.0.7},
  doi          = {10.5281/zenodo.4422025},
  url          = {https://doi.org/10.5281/zenodo.4422025}
}

@article{Plank2021,
    archivePrefix = {arXiv},
    arxivId = {2107.03992},
    author = {Plank, Philipp and Rao, Arjun and Wild, Andreas and Maass, Wolfgang},
    eprint = {2107.03992},
    title = {{A Long Short-Term Memory for AI Applications in Spike-based Neuromorphic Hardware}},
    url = {http://arxiv.org/abs/2107.03992},
    year = {2021}
}

@misc{SpikingJelly,
    title = {SpikingJelly},
    author = {Fang, Wei and Chen, Yanqi and Ding, Jianhao and Chen, Ding and Yu, Zhaofei and Zhou, Huihui and Tian, Yonghong and other contributors},
    year = {2020},
    howpublished = {\url{https://github.com/fangwei123456/spikingjelly}},
}

@article{Stimberg2019,
    author = {Stimberg, Marcel and Brette, Romain and Goodman, Dan F.M.},
    doi = {10.7554/eLife.47314},
    issn = {2050084X},
    journal = {eLife},
    pages = {1--41},
    pmid = {31429824},
    title = {{Brian 2, an intuitive and efficient neural simulator}},
    volume = {8},
    year = {2019}
}

@article{Wunderlich2021,
    author = {Wunderlich, Timo C and Pehle, Christian},
    doi = {10.1038/s41598-021-91786-z},
    isbn = {0123456789},
    issn = {2045-2322},
    journal = {Scientific Reports},
    month = {dec},
    number = {1},
    pages = {12829},
    publisher = {Nature Publishing Group UK},
    title = {{Event-based backpropagation can compute exact gradients for spiking neural networks}},
    url = {https://doi.org/10.1038/s41598-021-91786-z http://www.nature.com/articles/s41598-021-91786-z},
    volume = {11},
    year = {2021}
}

@article{Williams1989,
    author = {Williams, Ronald J. and Zipser, David},
    doi = {10.1162/neco.1989.1.2.270},
    issn = {0899-7667},
    journal = {Neural Computation},
    number = {2},
    pages = {270--280},
    title = {{A Learning Algorithm for Continually Running Fully Recurrent Neural Networks}},
    volume = {1},
    year = {1989}
}

@article{Yavuz2016,
    author = {Yavuz, Esin and Turner, James and Nowotny, Thomas},
    doi = {10.1038/srep18854},
    issn = {2045-2322},
    journal = {Scientific Reports},
    month = {may},
    number = {1},
    pages = {18854},
    pmid = {26740369},
    publisher = {Nature Publishing Group},
    title = {{GeNN: a code generation framework for accelerated brain simulations}},
    url = {http://www.pubmedcentral.nih.gov/articlerender.fcgi?artid=4703976&tool=pmcentrez&rendertype=abstract http://www.nature.com/articles/srep18854},
    volume = {6},
    year = {2016}
}

@article{Yin2021,
    archivePrefix = {arXiv},
    arxivId = {2103.12593},
    author = {Yin, Bojian and Corradi, Federico and Bohte, Sander M.},
    eprint = {2103.12593},
    pages = {1--15},
    title = {{Accurate and efficient time-domain classification with adaptive spiking recurrent neural networks}},
    url = {http://arxiv.org/abs/2103.12593},
    year = {2021}
}

@article{Zenke2018,
    archivePrefix = {arXiv},
    arxivId = {NIHMS150003},
    author = {Zenke, Friedemann and Ganguli, Surya},
    doi = {10.1162/neco_a_01086},
    eprint = {NIHMS150003},
    isbn = {0924-6703},
    issn = {0899-7667},
    journal = {Neural Computation},
    month = {jun},
    number = {6},
    pages = {1514--1541},
    pmid = {15772874},
    title = {{SuperSpike: Supervised Learning in Multilayer Spiking Neural Networks}},
    url = {http://arxiv.org/abs/1803.01446%0Ahttp://pdf.aminer.org/000/337/561/automatic_discovery_of_subgoals_for_sequential_decision_problems_using_potential.pdf%0Ahttp://arxiv.org/abs/1709.04571 https://www.mitpressjournals.org/doi/abs/10.1162/neco_a_01086},
    volume = {30},
    year = {2018}
}

@article{Zenke2021a,
    author = {Zenke, Friedemann and Vogels, Tim P.},
    doi = {10.1162/neco_a_01367},
    issn = {1530888X},
    journal = {Neural computation},
    number = {4},
    pages = {899--925},
    pmid = {33513328},
    title = {{The Remarkable Robustness of Surrogate Gradient Learning for Instilling Complex Function in Spiking Neural Networks}},
    volume = {33},
    year = {2021}
}


@article{Zenke2021,
    archivePrefix = {arXiv},
    arxivId = {2010.11931},
    author = {Zenke, Friedemann and Neftci, Emre O.},
    doi = {10.1109/JPROC.2020.3045625},
    eprint = {2010.11931},
    issn = {0018-9219},
    journal = {Proceedings of the IEEE},
    pages = {1--16},
    title = {{Brain-Inspired Learning on Neuromorphic Substrates}},
    url = {http://arxiv.org/abs/2010.11931 https://ieeexplore.ieee.org/document/9317744/},
    year = {2021}
}
